@book{griffiths1962introduction,
  title={Introduction to electrodynamics},
  author={Griffiths, David J},
  year={1962},
  publisher={Prentice Hall}
}
